
@phdthesis{Kipper2006,
    author = {Kipper, Karen},
    citeulike-article-id = {831929},
    citeulike-linkout-0 = {http://repository.upenn.edu/dissertations/AAI3179808/},
    keywords = {c-grant, cbio-grant},
    posted-at = {2006-09-06 00:54:50},
    priority = {2},
    school = {University of Pennsylvania},
    title = {{VerbNet: A broad-coverage, comprehensive verb lexicon}},
    url = {http://repository.upenn.edu/dissertations/AAI3179808/},
    year = {2005}
}

@misc{Umlet,
  key = {Umlet},
  title = {UMLet},
  howpublished = {\url{http://www.umlet.com}},
  note = {Accessed: 2018-05-05}
}

@phdthesis{gruber1965studies,
  title={Studies in lexical relations.},
  author={Gruber, Jeffrey Steven},
  year={1965},
  school={Massachusetts Institute of Technology}
}

@inproceedings{bonial2011hierarchical,
  title={A hierarchical unification of LIRICS and VerbNet semantic roles},
  author={Bonial, Claire and Corvey, William and Palmer, Martha and Petukhova, Volha V and Bunt, Harry},
  booktitle={Semantic Computing (ICSC), 2011 Fifth IEEE International Conference on},
  pages={483--489},
  year={2011},
  organization={IEEE}
}

@inproceedings{freitas2014semantic,
  title={A Semantic Web Platform for Automating the Interpretation of Finite Element Bio-simulations.},
  author={Freitas, Andr{\'e} and Asooja, Kartik and Jares, Joao and Decker, Stefan and Sahay, Ratnesh and others},
  booktitle={SWAT4LS},
  year={2014},
  organization={Citeseer}
}

@article{cook2011opb,
    author = {Cook, Daniel L. AND Bookstein, Fred L. AND Gennari, John H.},
    journal = {PLOS ONE},
    publisher = {Public Library of Science},
    title = {Physical Properties of Biological Entities: An Introduction to the Ontology of Physics for Biology},
    year = {2011},
    month = {12},
    volume = {6},
    url = {https://doi.org/10.1371/journal.pone.0028708},
    pages = {1-8},
    abstract = {As biomedical investigators strive to integrate data and analyses across spatiotemporal scales and biomedical domains, they have recognized the benefits of formalizing languages and terminologies via computational ontologies. Although ontologies for biological entities—molecules, cells, organs—are well-established, there are no principled ontologies of physical properties—energies, volumes, flow rates—of those entities. In this paper, we introduce the Ontology of Physics for Biology (OPB), a reference ontology of classical physics designed for annotating biophysical content of growing repositories of biomedical datasets and analytical models. The OPB's semantic framework, traceable to James Clerk Maxwell, encompasses modern theories of system dynamics and thermodynamics, and is implemented as a computational ontology that references available upper ontologies. In this paper we focus on the OPB classes that are designed for annotating physical properties encoded in biomedical datasets and computational models, and we discuss how the OPB framework will facilitate biomedical knowledge integration.},
    number = {12},
    doi = {10.1371/journal.pone.0028708}
}

@inproceedings{guizzardi2013ufob,
  title={Towards ontological foundations for the conceptual modeling of events},
  author={Guizzardi, Giancarlo and Wagner, Gerd and de Almeida Falbo, Ricardo and Guizzardi, Renata SS and Almeida, Jo{\~a}o Paulo A},
  booktitle={International Conference on Conceptual Modeling},
  pages={327--341},
  year={2013},
  organization={Springer}
}

@incollection{guizzardi2010ufouml,
  title={Using the unified foundational ontology (UFO) as a foundation for general conceptual modeling languages},
  author={Guizzardi, Giancarlo and Wagner, Gerd},
  booktitle={Theory and Applications of Ontology: Computer Applications},
  pages={175--196},
  year={2010},
  publisher={Springer}
}

@misc{OntoUML,
  key = {OntoUML},
  title = {OntoUML Specification},
  howpublished = {\url{http://ontology.com.br/ontouml/spec/}},
  note = {Accessed: 2018-05-11}
}

@article{hayes1978naive,
  title={The naive physics manifesto},
  author={Hayes, Patrick J and others},
  year={1978},
  publisher={Universit $\{${\'e}$\}$ de Gen $\{${\`e}$\}$ ve, Institut pour les $\{${\'e}$\}$ tudes s $\{${\'e}$\}$ mantiques et cognitives}
}

@inproceedings{hayes1989second,
  title={The second naive physics manifesto},
  author={Hayes, Patrick J},
  booktitle={Readings in qualitative reasoning about physical systems},
  pages={46--63},
  year={1989},
  organization={Morgan Kaufmann Publishers Inc.}
}

@inproceedings{johnston2009autonomous,
  title={Autonomous learning of commonsense simulations},
  author={Johnston, BG and Williams, Mary-Anne},
  booktitle={Symposium on Logical Formalizations of Commonsense Reasoning},
  year={2009},
  organization={UTSePress}
}

@misc{schank1975pdf,
  title={Conceptual Dependency Theory (CD)},
  author={Roger C. Schank},
  year={1975}
}

@article{SCHANK1972552,
title = "Conceptual dependency: A theory of natural language understanding",
journal = "Cognitive Psychology",
volume = "3",
number = "4",
pages = "552 - 631",
year = "1972",
issn = "0010-0285",
doi = "https://doi.org/10.1016/0010-0285(72)90022-9",
url = "http://www.sciencedirect.com/science/article/pii/0010028572900229",
author = "Roger C. Schank"
}


@article{mandler-canovas2014imageschemas, 
  title={On defining image schemas},
  volume={6},
  DOI={10.1017/langcog.2014.14},
  number={4},
  journal={Language and Cognition},
  publisher={Cambridge University Press},
  author={MANDLER, JEAN M. and PAGÁN CÁNOVAS, CRISTÓBAL},
  year={2014},
  pages={510–532}
}

@article {Dahl-Adachi2013chimpanzees,
article_type = {journal},
title = {Conceptual metaphorical mapping in chimpanzees (\textit{Pan troglodytes})},
author = {Dahl, Christoph D and Adachi, Ikuma},
editor = {Behrens, Timothy},
volume = 2,
year = 2013,
month = {oct},
pub_date = {2013-10-22},
pages = {e00932},
citation = {eLife 2013;2:e00932},
doi = {10.7554/eLife.00932},
url = {https://doi.org/10.7554/eLife.00932},
keywords = {chimpanzee, conceptual metaphorical mapping, cross-modal mapping, language, linguistic, hierarchy},
journal = {eLife},
issn = {2050-084X},
publisher = {eLife Sciences Publications, Ltd},
}

@article{one-shot-learning,
author = {M. Lake, Brenden and Salakhutdinov, Ruslan and B. Tenenbaum, Joshua},
year = {2015},
month = {02},
pages = {},
title = {One-shot learning by inverting a compositional causal process},
journal = {Advances in Neural Information Processing Systems}
}

@article{lytinen1992conceptual,
  title={Conceptual dependency and its descendants},
  author={Lytinen, Steven L},
  year={1992},
  publisher={Elsevier}
}

@inproceedings{macbethimage,
  title={Image Schemas and Conceptual Dependency Primitives: A Comparison},
  author={MACBETH, Jamie C and GROMANN, Dagmar and HEDBLOM, Maria M},
  year={2017},
  booktitle={Proceedings of the Joint Ontology Workshops 2017},
  eventdate={2017-09-21/2017-09-23}
}

@book{bird2009nltk,
  title={Natural language processing with Python: analyzing text with the natural language toolkit},
  author={Bird, Steven and Klein, Ewan and Loper, Edward},
  year={2009},
  publisher={" O'Reilly Media, Inc."}
}


@inproceedings{visualgenome,
  title={Visual Genome: Connecting Language and Vision Using Crowdsourced Dense Image Annotations},
  author={Krishna, Ranjay and Zhu, Yuke and Groth, Oliver and Johnson, Justin and Hata, Kenji and Kravitz, Joshua and Chen, Stephanie and Kalantidis, Yannis and Li, Li-Jia and Shamma, David A and Bernstein, Michael and Fei-Fei, Li},
  year = {2016},
  url = {https://arxiv.org/abs/1602.07332},
}

@InProceedings{howtobuildfo,
author="Schneider, Luc",
editor="G{\"u}nter, Andreas
and Kruse, Rudolf
and Neumann, Bernd",
title="How to Build a Foundational Ontology",
booktitle="KI 2003: Advances in Artificial Intelligence",
year="2003",
publisher="Springer Berlin Heidelberg",
address="Berlin, Heidelberg",
pages="120--134",
isbn="978-3-540-39451-8"
}

@misc{verbnetannotation,
  key="VerbNet Guidelines",
  title="VerbNet Annotation Guidelines",
  howpublished={\url{https://verbs.colorado.edu/verb-index/VerbNet_Guidelines.pdf}},
  note = {Accessed: 2018-09-22}
}

@inproceedings{petukhova2008lirics,
  title={LIRICS Semantic Role Annotation: Design and Evaluation of a Set of Data Categories.},
  author={Petukhova, Volha and Bunt, Harry},
  booktitle={LREC},
  year={2008},
  organization={Citeseer}
}

@incollection{handbookofkrchap14,
title = "Chapter 14 Physical Reasoning",
editor = "Frank van Harmelen and Vladimir Lifschitz and Bruce Porter",
series = "Foundations of Artificial Intelligence",
publisher = "Elsevier",
volume = "3",
pages = "597 - 620",
year = "2008",
booktitle = "Handbook of Knowledge Representation",
issn = "1574-6526",
doi = "https://doi.org/10.1016/S1574-6526(07)03014-3",
url = "http://www.sciencedirect.com/science/article/pii/S1574652607030143",
author = "Ernest Davis"
}